<?xml version="1.0" encoding="UTF-8"?><collection xmlns="http://www.loc.gov/MARC21/slim"><record><leader>00521nam--2200133-i-4500</leader><controlfield tag="001">000049880</controlfield><controlfield tag="002">20161230</controlfield><controlfield tag="005">20161230201047</controlfield><controlfield tag="008">060222s1000------------r-----000-0-eng-d</controlfield><datafield ind1=" " ind2=" " tag="080"><subfield code="a">535.8(075.8)</subfield></datafield><datafield ind1=" " ind2=" " tag="100"><subfield code="a">Afanasev, V.A</subfield></datafield><datafield ind1=" " ind2=" " tag="245"><subfield code="a">Optichesckie izmereniia. izdanie trete, pererabotannoe i dopolnenoe. dopushcheno ministerstvom vyscevo i srednevo specialnovo obrazovaniia sssr v kachestve echebnika dlia studentov opticheskih specialnostei vuzov</subfield></datafield><datafield ind1=" " ind2=" " tag="260"><subfield code="a">Moskva, Izdatelstvo Vyscaia Ckola, 1981, 232s</subfield></datafield><datafield ind1=" " ind2=" " tag="852"><subfield code="a">75519</subfield></datafield></record></collection>